@inproceedings{lesk,
    author = {Lesk, Michael},
    title = {Automatic Sense Disambiguation Using Machine Readable Dictionaries: How to Tell a Pine Cone from an Ice Cream Cone},
    booktitle = {Proceedings of the 5th Annual International Conference on Systems Documentation},
    year = {1986},
    pages = {24--26},
    publisher = {ACM},
    address = {New York, NY, USA},
}

@article{wordnet,
    title={Introduction to WordNet: An On-line Lexical Database},
    author={Miller; Beckwith; Fellbaum; Gross; Miller},
    year={1993},
    journal={International Journal of Lexicography}, 
}

@article{wup_similarity, 
    title={Verb semantics and lexical selection},
    author={Z. Wu; M. Palmer},
    year={1994},
    journal={32nd Annual meeting of the Associations for Computational Linguistics},
}

@inproceedings{nltk,
    author = {Loper, Edward and Bird, Steven},
    title = {NLTK: The Natural Language Toolkit},
    booktitle = {Proceedings of the ACL-02 Workshop on Effective Tools and Methodologies for Teaching Natural Language Processing and Computational Linguistics - Volume 1},
    year = {2002},
    publisher = {Association for Computational Linguistics},
} 

@book{speech_and_language_processing,
    author = {Jurafsky, Daniel and Martin, James H.},
    title = {Speech and Language Processing (2Nd Edition)},
    year = {2009},
    publisher = {Prentice-Hall, Inc.},
} 

@article{lch_similarity,
    author = {Leacock, Claudia and Chodorow, Martin},
    year = {1998},
    title = {Combining Local Context and WordNet Similarity for Word Sense Identification},
    journal = {WordNet: An Electronic Lexical Database}, 
    publisher = {WordNet: An Electronic Lexical Database}
}

@book{edit_distance,
    author = {Miller, Frederic P. and Vandome, Agnes F. and McBrewster, John},
    title = {Levenshtein Distance: Information Theory, Computer Science, String (Computer Science), String Metric, Damerau?Levenshtein Distance, Spell Checker, Hamming Distance},
    year = {2009},
    publisher = {Alpha Press},
} 

@inproceedings{resnik_similarity,
    author = {Resnik, Philip},
    booktitle = {Proceedings of the 14th international joint conference on Artificial intelligence - Volume 1},
    publisher = {Morgan Kaufmann Publishers Inc.},
    pages = {448--453},
    title = {Using information content to evaluate semantic similarity in a taxonomy},
    year = {1995}
}

@inproceedings{jiang_similarity,
    author = {Jiang, J.J. and Conrath, D.W.},
    booktitle = {Proc. of the Int'l. Conf. on Research in Computational Linguistics},
    description = {Jiang Conrath Maß},
    pages = {19--33},
    title = {Semantic similarity based on corpus statistics and lexical taxonomy},
    year = {1997}
}

@article{word_to_sense_embedding,
    title={From Word to Sense Embeddings: A Survey on Vector Representations of Meaning},
    author={Camacho-Collados; Pilehvar},
    year={2018},
    publisher={Journal of Artificial Intelligence Research}
}

@article{lda_topic_modeling, 
    title={Latent Dirichlet Allocation},
    author={David M. Blei; Andrew Y. Ng; Michael I. Jordan},
    year={2002},
    journal={Journal of Machine Learning Research},
    publisher={Journal of Machine Learning Research},
}

@article{word2vec, 
    title={Distributed Representations of Words and Phrases and their Compositionality},
    author={Tomas Mikolov; Ilya Sutskever; Kai Chen; Greg Corrado; Jeffrey Dean},
    year={2013},
    journal={NIPS},
    publisher={NIPS},
}

@article{knowledge_based_page_rank,
    author    = {Pilehvar; Collier},
    title     = {De-Conflated Semantic Representations},
    journal   = {CoRR},
    year      = {2016},
}

@article{brazil_campaign_finance,
   title = {{A study on the impact of campaign finance, political capital and gender on electoral performance}},
   journal = {{Brazilian Political Science Review}},
   author={Speck, Bruno Wilhelm AND Mancuso, Wagner Pralon},
   year = {2014},
   pages = {34 - 57},
}

@article{citizens_united,
    title = "The effects of campaign finance spending bans on electoral outcomes: Evidence from the states about the potential impact of Citizens United v. FEC",
    journal = "Electoral Studies",
    pages = "102 - 114",
    year = "2014",
    author = "Raymond J. La Raja and Brian F. Schaffner",
}

@article{congressional_elections, 
    title={The Effects of Campaign Spending in Congressional Elections}, 
    journal={American Political Science Review}, 
    publisher={Cambridge University Press}, 
    author={Jacobson, Gary C.}, 
    year={1978}, 
    pages={469–491}
}

@article{social_media, 
    title={Social Media, Money, and Politics: Campaign Finance in the 2016 US Congressional Cycle}, 
    author={Lily McElwee, Taha Yasseri}, 
    year={2017}, 
}

@article{ambiguity_law_schane, 
    title={Ambiguity and Misunderstanding in the Law}, 
    author={Sanford Schane}, 
    year={2002}
}

@misc{ambiguity_law_poscher,
    author = "Lawrence M. Solan and Peter M. Tiersma and Ralf Poscher",
    title = "Ambiguity And Vagueness In Legal Interpretation",
    year = "2012",
    publisher = "Oxford University Press",
}

@article{unsupervised_latent_vector_weighting,
    title={Latent Vector Weighting for Word Meaning in Context},
    author={Van de Cruys; Poibeau; Korhonen},
    year={2011}
}